@book{latex,
  title = {LaTeX : A Documentation Preparation System User's Guide and Reference Manual},
  publisher = {Addison-Wesley Professional},
  year = {1994},
  author = {Leslie Lamport}
}

@online{nevilledice2023,
  author = {Neville},
  title = {Dice Loss In Medical Image Segmentation},
  year = {2023},
  month = {7},
  url = {https://cvinvolution.medium.com/dice-loss-in-medical-image-segmentation-d0e476eb486},
  urldate = {2025-04-17}
}

